%%%%%%%%%% Context %%%%%%%%%%
@book{historyofsocialmedia,
  title={The culture of connectivity: A critical history of social media},
  author={Van Dijck, Jos{\'e}},
  year={2013},
  publisher={Oxford University Press}
}

% History of the Internet
@article{historyofinternet,
  title={A brief history of the Internet},
  author={Leiner, Barry M and Cerf, Vinton G and Clark, David D and Kahn, Robert E and Kleinrock, Leonard and Lynch, Daniel C and Postel, Jon and Roberts, Larry G and Wolff, Stephen},
  journal={ACM SIGCOMM Computer Communication Review},
  volume={39},
  number={5},
  pages={22--31},
  year={2009},
  publisher={ACM}
}

% Social Media Prediction 
@inproceedings{predictingsocialmedia,
  title={Predicting the future with social media},
  author={Asur, Sitaram and Huberman, Bernardo A},
  booktitle={Proceedings of the 2010 IEEE/WIC/ACM International Conference on Web Intelligence and Intelligent Agent Technology-Volume 01},
  pages={492--499},
  year={2010},
  organization={IEEE Computer Society}
}

% History of Media
@book{winston2002media,
  title={Media, technology and society: A history: From the telegraph to the Internet},
  author={Winston, Brian},
  year={2002},
  publisher={Routledge}
}

%Agile
@online{agile,
  title = "10 Key Principles of Agile Software Development",
  year = 2008,
  note = {\url{https://project-management.com/10-key-principles-of-agile-software-development/}}
  }

%Kanban
@online{kanban,
  title = {What is Kanban},
  author = {Agile Alliance},
  note = {\url{https://www.agilealliance.org/glossary/kanban/}}
}

%DPA
@online{dpa,
  title = {Data Protection Act},
  author = {Irish Statue Book},
  note = {\url{http://www.irishstatutebook.ie/eli/2018/act/7/enacted/en/html}}
}

%JWT
@online{jwt,
  title = {Jason Web TokenData Protection Act},
  author = {Official JWT standard},
  note = {\url{http://www.jwt.io}}
}

%dataleaks
@online{dataleaks,
  title = {Social media becomes biggest data breach threat},
  author = {Paula Gilbert},
  note = {\url{https://www.itweb.co.za/content/G98YdqLxZZNqX2PD}}
}